<?xml version="1.0" encoding="UTF-8"?><record xmlns="http://www.loc.gov/MARC21/slim" xmlns:cinclude="http://apache.org/cocoon/include/1.0" xmlns:zs="http://www.loc.gov/zing/srw/">
  <leader>00823nz  a2200157n  4500</leader>
  <controlfield tag="001">no 99076845 </controlfield>
  <controlfield tag="003">DLC</controlfield>
  <controlfield tag="005">19991022070609.0</controlfield>
  <controlfield tag="008">991021n| acannaabn          |a ana     c</controlfield>
  <datafield tag="010" ind1=" " ind2=" ">
    <subfield code="a">no 99076845 </subfield>
  </datafield>
  <datafield tag="035" ind1=" " ind2=" ">
    <subfield code="a">(OCoLC)oca05087295</subfield>
  </datafield>
  <datafield tag="040" ind1=" " ind2=" ">
    <subfield code="a">AzTeS</subfield>
    <subfield code="b">eng</subfield>
    <subfield code="c">AzTeS</subfield>
  </datafield>
  <datafield tag="110" ind1="2" ind2=" ">
    <subfield code="a">Arizona State University.</subfield>
    <subfield code="b">Office of the Vice President for Institutional Advancement</subfield>
  </datafield>
  <datafield tag="410" ind1="2" ind2=" ">
    <subfield code="a">Arizona State University.</subfield>
    <subfield code="b">Institutional Advancement</subfield>
  </datafield>
  <datafield tag="510" ind1="2" ind2=" ">
    <subfield code="w">a</subfield>
    <subfield code="a">Arizona State University.</subfield>
    <subfield code="b">Office of the Vice President for University Relations</subfield>
  </datafield>
  <datafield tag="670" ind1=" " ind2=" ">
    <subfield code="a">ASU insight, Oct. 7, 1994:</subfield>
    <subfield code="b">pub. statement (Office of the Vice President for University Relations); Oct. 14, 1994: pub. statement (Office of the Vice President for Institutional Advancement); Oct. 21, 1994: p. 6: (University Relations changed name to Institutional Advancement, Oct. 1994)</subfield>
  </datafield>
</record>